
@article{LSM_ori,
  title={The log-structured merge-tree (LSM-tree)},
  author={O’Neil, Patrick and Cheng, Edward and Gawlick, Dieter and O’Neil, Elizabeth},
  journal={Acta Informatica},
  volume={33},
  number={4},
  pages={351--385},
  year={1996},
  publisher={Springer}
}

@article{chang2008bigtable,
  title={Bigtable: A distributed storage system for structured data},
  author={Chang, Fay and Dean, Jeffrey and Ghemawat, Sanjay and Hsieh, Wilson C and Wallach, Deborah A and Burrows, Mike and Chandra, Tushar and Fikes, Andrew and Gruber, Robert E},
  journal={ACM Transactions on Computer Systems (TOCS)},
  volume={26},
  number={2},
  pages={4},
  year={2008},
  publisher={ACM}
}

@misc{ApacheCa91:online,
  author = {},
  title = {Apache Cassandra},
  howpublished = {\url{http://cassandra.apache.org/}},
  month = {},
  year = {},
  
}
@misc{ApacheHB8:online,
  author = {},
  title = {Apache HBase – Apache HBase™ Home},
  howpublished = {\url{https://hbase.apache.org/}},
  month = {},
  year = {},
  
}

@misc{MongoDBD83:online,
  author = {},
  title = {MongoDB Download Center | MongoDB},
  howpublished = {\url{https://www.mongodb.com/download-center/community}},
  month = {},
  year = {},
  
}

@inproceedings{chan2018hashkv,
  title={HashKV: Enabling Efficient Updates in $\{$KV$\}$ Storage via Hashing},
  author={Chan, Helen HW and Liang, Chieh-Jan Mike and Li, Yongkun and He, Wenjia and Lee, Patrick PC and Zhu, Lianjie and Dong, Yaozu and Xu, Yinlong and Xu, Yu and Jiang, Jin and others},
  booktitle={2018 $\{$USENIX$\}$ Annual Technical Conference ($\{$USENIX$\}$$\{$ATC$\}$ 18)},
  pages={1007--1019},
  year={2018}
}

@inproceedings{kannan2018redesigning,
  title={Redesigning LSMs for nonvolatile memory with NoveLSM},
  author={Kannan, Sudarsun and Bhat, Nitish and Gavrilovska, Ada and Arpaci-Dusseau, Andrea and Arpaci-Dusseau, Remzi},
  booktitle={2018 $\{$USENIX$\}$ Annual Technical Conference ($\{$USENIX$\}$$\{$ATC$\}$ 18)},
  pages={993--1005},
  year={2018}
}

@inproceedings{xia2017hikv,
  title={Hikv: A hybrid index key-value store for dram-nvm memory systems},
  author={Xia, Fei and Jiang, Dejun and Xiong, Jin and Sun, Ninghui},
  booktitle={2017 USENIX Annual Technical Conference (USENIX ATC 17)},
  pages={349--362},
  year={2017}
}

@inproceedings{wu2018kvssd,
  title={KVSSD: Close integration of LSM trees and flash translation layer for write-efficient KV store},
  author={Wu, Sung-Ming and Lin, Kai-Hsiang and Chang, Li-Pin},
  booktitle={Design, Automation \& Test in Europe Conference \& Exhibition (DATE), 2018},
  pages={563--568},
  year={2018},
  organization={IEEE}
}
@inproceedings{shen2017didacache,
  title={DIDACache: A Deep Integration of Device and Application for Flash Based Key-Value Caching.},
  author={Shen, Zhaoyan and Chen, Feng and Jia, Yichen and Shao, Zili},
  booktitle={FAST},
  pages={391--405},
  year={2017}
}
@article{sun2018co,
  title={Co-KV: A Collaborative Key-Value Store Using Near-Data Processing to Improve Compaction for the LSM-tree},
  author={Sun, Hui and Liu, Wei and Huang, Jianzhong and Shi, Weisong},
  journal={arXiv preprint arXiv:1807.04151},
  year={2018}
}
@inproceedings{chen2017kvftl,
  title={KVFTL: Optimization of storage space utilization for key-value-specific flash storage devices},
  author={Chen, Yen-Ting and Yang, Ming-Chang and Chang, Yuan-Hao and Chen, Tseng-Yi and Wei, Hsin-Wen and Shih, Wei-Kuan},
  booktitle={Design Automation Conference (ASP-DAC), 2017 22nd Asia and South Pacific},
  pages={584--590},
  year={2017},
  organization={IEEE}
}
@article{zhang2017flashkv,
  title={FlashKV: Accelerating KV Performance with Open-Channel SSDs},
  author={Zhang, Jiacheng and Lu, Youyou and Shu, Jiwu and Qin, Xiongjun},
  journal={ACM Transactions on Embedded Computing Systems (TECS)},
  volume={16},
  number={5s},
  pages={139},
  year={2017},
  publisher={ACM}
}
@inproceedings{dayan2018dostoevsky,
  title={Dostoevsky: Better Space-Time Trade-Offs for LSM-Tree Based Key-Value Stores via Adaptive Removal of Superfluous Merging},
  author={Dayan, Niv and Idreos, Stratos},
  booktitle={Proceedings of the 2018 International Conference on Management of Data},
  pages={505--520},
  year={2018},
  organization={ACM}
}
@inproceedings{dayan2017monkey,
  title={Monkey: Optimal navigable key-value store},
  author={Dayan, Niv and Athanassoulis, Manos and Idreos, Stratos},
  booktitle={Proceedings of the 2017 ACM International Conference on Management of Data},
  pages={79--94},
  year={2017},
  organization={ACM}
}
@misc{comapction_types,
  author = {},
  title = {Small Datum: Name that compaction algorithm},
  howpublished = {\url{https://smalldatum.blogspot.com/2018/08/name-that-compaction-algorithm.html}},
  month = {},
  year = {},
  
}
@inproceedings{zhang2014pipelined,
  title={Pipelined compaction for the LSM-tree},
  author={Zhang, Zigang and Yue, Yinliang and He, Bingsheng and Xiong, Jin and Chen, Mingyu and Zhang, Lixin and Sun, Ninghui},
  booktitle={Parallel and Distributed Processing Symposium, 2014 IEEE 28th International},
  pages={777--786},
  year={2014},
  organization={IEEE}
}

@article{3dxpoint,
  title={A revolutionary breakthrough in memory technology},
  author={Crooke, Rob and Durcan, Mark},
  journal={Intel 3D XPoint launch keynote},
  year={2015}
}
